@article{schmal2015theoretical,
  title={A theoretical study on seasonality},
  author={Schmal, Christoph and Myung, Jihwan and Herzel,
    Hanspeter and Bordyugov, Grigory},
  journal={Frontiers in neurology},
  volume={6},
  year={2015},
  publisher={Frontiers Media SA}
}

@article{bordyugov2015tuning,
  title={Tuning the phase of circadian entrainment},
  author={Bordyugov, Grigory and Abraham, Ute and Granada, Adrian and Rose, Pia and Imkeller, Katharina and Kramer, Achim and Herzel, Hanspeter},
  journal={Journal of The Royal Society Interface},
  volume={12},
  number={108},
  pages={20150282},
  year={2015},
  publisher={The Royal Society}
}

@article{schmal2017moran,
  title={Moranâ€™s I quantifies spatio-temporal pattern formation in neural imaging data},
  author={Schmal, Christoph and Myung, Jihwan and Herzel, Hanspeter and Bordyugov, Grigory},
  journal={Bioinformatics},
  year={2017}
}

@misc{myung2017choroid,
  title={The Choroid Plexus as an important circadian clock
    component, under review},
  author={Myung, Jihwan and Schmal, Christoph and Tsukizawa, Yoshiaki
    and Rose, Pia and Hong, Sungho and Zhang, Yong and Holtzmann,
    Michael J. and De Schutter, Erik and Herzel, Hanspeter and
      Bordyugov, Grigory and Takumi, Toru},
  journal={In review},
  year={2017}
}

@misc{kondoff2015modeling,
  title={Modeling circadian clock gene networks in various tissues,
    Masters thesis},
  author={Matthew Kondoff},
  address={Charite Berlin},
  year={2015}
}

@misc{schmal2017measuring,
  title={Measuring Relative Coupling Strength of Circadian Systems,
    under review},
  author={Schmal, Christoph and Herzog, Erik and Herzel, Hanspeter},
  journal={In review},
  year={2017}
}

@article{wagner2017plant,
  title={The plant leaf movement analyzer (PALMA): a simple tool for
    the analysis of periodic cotyledon and leaf movement in
    Arabidopsis thaliana},
  author={Wagner, Lucas and Schmal, Christoph and Staiger, Dorothee
    and Danisman, Selahattin},
  journal={Plant methods},
  volume={13},
  number={1},
  pages={2},
  year={2017},
  publisher={BioMed Central}
}

@article{zhang2014circadian,
  title={A circadian gene expression atlas in mammals: implications for biology and medicine},
  author={Zhang, Ray and Lahens, Nicholas F and Ballance, Heather I and Hughes, Michael E and Hogenesch, John B},
  journal={Proceedings of the National Academy of Sciences},
  volume={111},
  number={45},
  pages={16219--16224},
  year={2014},
  publisher={National Acad Sciences}
}

@inproceedings{richards2004choosing,
  title={Choosing a starting configuration for particle swarm
    optimization},
  author={Richards, Mark and Ventura, Dan},
  booktitle={IEEE Int. Joint. Conf. Neural},
  volume={3},
  pages={2309--2312},
  year={2004}
}

@inproceedings{zambrano2012hydropso,
  title={hydroPSO: A Versatile Particle Swarm Optimisation R Package for Calibration of Environmental Models},
  author={Zambrano-Bigiarini, Mauricio and Rojas, Rodrigo},
  booktitle={EGU General Assembly Conference Abstracts},
  volume={14},
  pages={10950},
  year={2012}
}

@article{reppert2002coordination,
  title={Coordination of circadian timing in mammals},
  author={Reppert, Steven M and Weaver, David R},
  journal={Nature},
  volume={418},
  number={6901},
  pages={935},
  year={2002},
  publisher={Nature Publishing Group}
}

@article{korencic2012interplay,
  title={The interplay of cis-regulatory elements rules circadian rhythms in mouse liver},
  author={Korencic, Anja and Bordyugov, Grigory and Rozman, Damjana and Golicnik, Marko and Herzel, Hanspeter and others},
  journal={PLoS One},
  volume={7},
  number={11},
  year={2012},
  publisher={Public Library of Science}
}

@article{pittendrigh1981circadian,
  title={Circadian systems: entrainment},
  author={Pittendrigh, Colin S},
  journal={Handbook of behavioral neurobiology},
  volume={4},
  pages={95--124},
  year={1981}
}

@article{duffy2005entrainment,
  title={Entrainment of the human circadian system by light},
  author={Duffy, Jeanne F and Wright Jr, Kenneth P},
  journal={Journal of biological rhythms},
  volume={20},
  number={4},
  pages={326--338},
  year={2005},
  publisher={Sage Publications Sage CA: Thousand Oaks, CA}
}

@article{granada2013human,
  title={Human chronotypes from a theoretical perspective},
  author={Granada, Adri{\'a}n E and Bordyugov, Grigory and Kramer, Achim and Herzel, Hanspeter},
  journal={PLoS One},
  volume={8},
  number={3},
  pages={e59464},
  year={2013},
  publisher={Public Library of Science}
}

@book{kuramoto2012chemical,
  title={Chemical oscillations, waves, and turbulence},
  author={Kuramoto, Yoshiki},
  volume={19},
  year={2012},
  publisher={Springer Science \& Business Media}
}

@article{yamaguchi2003synchronization,
  title={Synchronization of cellular clocks in the suprachiasmatic nucleus},
  author={Yamaguchi, Shun and Isejima, Hiromi and Matsuo, Takuya and Okura, Ryusuke and Yagita, Kazuhiro and Kobayashi, Masaki and Okamura, Hitoshi},
  journal={Science},
  volume={302},
  number={5649},
  pages={1408--1412},
  year={2003},
  publisher={American Association for the Advancement of Science}
}

@article{moran1950notes,
  title={Notes on continuous stochastic phenomena},
  author={Moran, Patrick AP},
  journal={Biometrika},
  volume={37},
  number={1/2},
  pages={17--23},
  year={1950},
  publisher={JSTOR}
}
